<record><leader>00000cas a2200000 a 4500</leader><controlfield tag="001">22465612</controlfield><controlfield tag="008">901003d1990199uiauwr ne      0   a0eng c</controlfield><datafield ind1=" " ind2=" " tag="010"><subfield code="a">sn 90005356 </subfield></datafield><datafield ind1=" " ind2=" " tag="040"><subfield code="a">IWA</subfield><subfield code="b">eng</subfield><subfield code="c">IWA</subfield><subfield code="d">NSD</subfield><subfield code="d">OCLCQ</subfield></datafield><datafield ind1=" " ind2=" " tag="012"><subfield code="j">0</subfield><subfield code="k">1</subfield><subfield code="m">d</subfield></datafield><datafield ind1="1" ind2=" " tag="022"><subfield code="a">1054-2272</subfield><subfield code="l">1054-2272</subfield><subfield code="2">1</subfield></datafield><datafield ind1=" " ind2=" " tag="037"><subfield code="b">Ankeny Today, 519 SW 3rd, Ankeny, IA 50021</subfield></datafield><datafield ind1=" " ind2=" " tag="042"><subfield code="a">nsdp</subfield><subfield code="a">pcc</subfield></datafield><datafield ind1=" " ind2="0" tag="222"><subfield code="a">Ankeny today</subfield></datafield><datafield ind1="0" ind2="0" tag="245"><subfield code="a">Ankeny today.</subfield></datafield><datafield ind1=" " ind2=" " tag="260"><subfield code="a">Ankeny, Iowa :</subfield><subfield code="b">R. Lein :</subfield><subfield code="b">C. Baker,</subfield><subfield code="c">1990-</subfield></datafield><datafield ind1=" " ind2=" " tag="300"><subfield code="a">v. :</subfield><subfield code="b">ill. ;</subfield><subfield code="c">58 cm.</subfield></datafield><datafield ind1=" " ind2=" " tag="310"><subfield code="a">Weekly</subfield></datafield><datafield ind1="0" ind2=" " tag="362"><subfield code="a">Vol. 1, no. 1 (Sept. 13, 1990)-</subfield></datafield><datafield ind1=" " ind2=" " tag="752"><subfield code="a">United States</subfield><subfield code="b">Iowa</subfield><subfield code="c">Polk</subfield><subfield code="d">Ankeny.</subfield></datafield><datafield ind1="0" ind2="0" tag="785"><subfield code="t">Greater metropolitan news Ankeny today</subfield><subfield code="x">1089-9251</subfield><subfield code="w">(DLC)sn 96003363</subfield><subfield code="w">(OCoLC)35170469</subfield></datafield><datafield ind1=" " ind2=" " tag="936"><subfield code="a">Vol. 1, no. 11 (Nov. 22, 1990) LIC</subfield></datafield></record>